@inproceedings{Arthur2007,
    author = {Arthur, David and Vassilvitskii, Sergei},
    title = {$k$-means++: {T}he Advantages of Careful Seeding},
    booktitle = {Proceedings of the Eighteenth Annual ACM-SIAM Symposium on
                 Discrete Algorithms},
    series = {SODA '07},
    year = {2007},
    isbn = {978-0-898716-24-5},
    pages = {1027--1035},
    url = {http://dl.acm.org/citation.cfm?id=1283383.1283494},
}

@article{Bashtannyk2001,
    title = "Bandwidth selection for kernel conditional density estimation",
    author = "Bashtannyk, David M. and Hyndman, R. J.",
    year = "2001",
    volume = "36",
    pages = "279--298",
    journal = "Computational Statistics and Data Analysis",
    issn = "0167-9473",
}

@article{Cao2009,
    author  = {Cao, Fuyuan and Liang, Jiye and Bai, Liang},
    title   = {A new initialization method for categorical data clustering},
    journal = {Expert Systems with Applications},
    year    = {2009},
    volume  = {36},
    pages   = {10223--10228},
    url     = {https://pdfs.semanticscholar.org/1955/
               c6801bca5e95a44e70ce14180f00fd3e55b8.pdf},
}

@article{Cao2012,
    title   = {A dissimilarity measure for the $k$-Modes clustering algorithm},
    author  = {Cao, Fuyuan and Liang, Jiye and Li, Deyu and Bai, Liang and Dang,
               Chuangyin},
    journal = {Knowledge-Based Systems},
    year    = {2012},
    volume  = {26},
    pages   = {120--127},
    doi     = {10.1016/j.knosys.2011.07.011},
}

@misc{Dua2019,
    author      = {Dua, Dheeru and Graff, Casey},
    year        = {2017},
    title       = {{UCI Machine Learning Repository}},
    url         = {http://archive.ics.uci.edu/ml},
    institution = {University of California, Irvine, School of Information and
                   Computer Sciences},
} 

@article{Erdil2017,
    title   = {Two-sided matching with indifferences},
    journal = {Journal of Economic Theory},
    volume  = {171},
    pages   = {268--292},
    year    = {2017},
    doi     = {10.1016/j.jet.2017.07.002},
    author  = {Erdil, Aytek and Ergin, Haluk},
}

@inbook{Fuku2006,
    author = {Fuku, Tomoko and Namatame, Akira and Kaizoji, Taisei},
    year   = {2006},
    pages  = {115--126},
    title  = {Collective Efficiency in Two-Sided Matching},
    doi  = {10.1007/3-540-28547-4_10}
}

@article{Gale1962,
    author  = {Gale, David and Shapley, Lloyd},
    year    = {1962},
    title   = {College Admissions and the Stability of Marriage},
    journal = {The American Mathematical Monthly},
    volume  = {69},
    number  = {1},
    pages   = {9--15},
    doi     = {10.2307/2312726},
}

@inproceedings{Huang1997a,
    author    = {Huang, Zhexue},
    title     = {Clustering large data sets with mixed numeric and categorical
                 values},
    booktitle = {The First {P}acific-{A}sia Conference on Knowledge Discovery
                 and Data Mining},
    year      = {1997},
    pages     = {21--34},
}

@inproceedings{Huang1997b,
    author    = {Huang, Zhexue},
    title     = {A fast clustering algorithm to cluster very large categorical
                 data sets in data mining},
    booktitle = {Proceedings of the {SIGMOD} Workshop on Research Issues on Data
                 Mining and Knowledge Discovery},
    year      = {1997},
    pages     = {1--8},
    
}

@article{Huang1998,
    author  = {Huang, Zhexue},
    title   = {Extensions to the $k$-means algorithm for clustering large data
               sets with categorical values},
    journal = {Data Mining and Knowledge Discovery},
    year    = {1998},
    volume  = {2},
    number  = {3},
    pages   = {283--304},
    doi     = {10.1023/A:1009769707641},
}

@inbook{Iwama2016,
    author = {Iwama, Kazuo and Miyazaki, Shuichi},
    title = {Stable Marriage with Ties and Incomplete Lists},
    booktitle = {Encyclopedia of Algorithms},
    year = {2016},
    publisher = {Springer New York},
    pages = {2071--2075},
    doi = {10.1007/978-1-4939-2864-4_805},
}

@article{Jiang2016,
    author = {Jiang, Feng and Liu, Guozhu and Du, Junwei and Sui, Yuefei},
    title = {Initialization of $k$-modes clustering using outlier detection
             techniques},
    journal = {Information Sciences},
    volume = {332},
    year = {2016},
    pages = {167--183},
    doi = {10.1016/j.ins.2015.11.005},
}

@inbook{Jolliffe1986,
    author = {Jolliffe, I. T.},
    title = {Principal Component Analysis and Factor Analysis},
    booktitle = {Principal Component Analysis},
    year = {1986},
    publisher = {Springer New York},
    pages = {115--128},
    doi = {10.1007/978-1-4757-1904-8_7},
}

@inproceedings{Kwanashie2015,
    author    = {Kwanashie, Augustine and Irving, Robert W. and Manlove, David
                 F. and Sng, Colin T. S.},
    title     = {Profile-Based Optimal Matchings in the Student/Project
                 Allocation Problem},
    booktitle = {Combinatorial Algorithms},
    year      = {2015},
    pages     = {213--225},
    doi       = {10.1007/978-3-319-19315-1_19},
}

@article{Manlove2002,
    title = {Hard variants of stable marriage},
    journal = {Theoretical Computer Science},
    volume = {276},
    number = {1},
    pages = {261--279},
    year = {2002},
    doi = {10.1016/S0304-3975(01)00206-7},
    author = {David F. Manlove and Robert W. Irving and Kazuo Iwama and Shuichi
              Miyazaki and Yasufumi Morita},
}

@misc{Matching1.1,
   author = {{The Matching library developers}},
   title = {Matching: v1.1},
   year = 2019,
   doi = {10.5281/zenodo.2711847},
   url = {http://dx.doi.org/10.5281/zenodo.2711847}
}

@inproceedings{Memoli2011,
    doi       = {10.1007/978-3-642-23678-5_1},
    author    = {M{\'e}moli, Facundo},
    title     = {Metric Structures on Datasets: Stability and Classification of
                 Algorithms},
    booktitle = {Computer Analysis of Images and Patterns},
    year      = {2011},
    publisher = {Springer Berlin Heidelberg},
    pages     = {1--33},
}

@article{Ng2007,
    author  = {Ng, Michael K. and Li, Mark Junjie and Huang, Joshua Zhexue and
               He, Zengyou},
    title   = {On the impact of dissimilarity measure in $k$-modes clustering
               algorithm},
    journal = {IEEE Transactions on Pattern Analysis and Machine Intelligence},
    year    = {2007},
    volume  = {29},
    number  = {3},
    pages   = {503--507},
    doi     = {10.1109/TPAMI.2007.53}, 
}

@inproceedings{Olaode2014,
    author    = {Olaode, Abass and Naghdy, Golshah and Todd, Catherine},
    title     = {Unsupervised image classification by {P}robabilistic {L}atent
                 {S}emantic {A}nalysis for the annotation of images},
    booktitle = {International Conference on Digital Image Computing: Techniques
                 and Applications},
    year      = {2014},
    doi       = {10.13140/2.1.1909.4086},
}

@article{Roth1984,
    author  = {Roth, Alvin},
    title   = {The Evolution of the Labor Market for Medical Interns and
               Residents: A Case Study in Game Theory},
    year    = {1984},
    journal = {Journal of Political Economy},
    volume  = {92},
    number  = {6},
    pages   = {991--1016},
    doi     = {10.1086/261272},
}

@inproceedings{Satopaa2011,
    author = {Satopaa, Ville and Albrecht, Jeannie and Irwin, David and
              Raghavan, Barath},
    year = {2011},
    month = {07},
    pages = {166--171},
    title = {Finding a `Kneedle' in a Haystack: Detecting Knee Points in System
             Behavior},
    booktitle = {Proceedings of the 2011 31st International Conference on
                 Distributed Computing Systems Workshops},
    doi = {10.1109/ICDCSW.2011.20}
}

@article{Schaeffer2007,
    title = {Graph clustering},
    journal = {Computer Science Review},
    volume = {1},
    number = {1},
    pages = {27--64},
    year = {2007},
    issn = {1574-0137},
    doi = {10.1016/j.cosrev.2007.05.001},
    author = {Satu Elisa Schaeffer},
}

@article{Sharma2015,
	author = {Neha Sharma and Nirmal Gaud},
	title = {$k$-modes Clustering Algorithm for Categorical Data},
	journal = {International Journal of Computer Applications},
	year = {2015},
	volume = {127},
	number = {17},
	pages = {1--6},
    doi = {10.5120/ijca2015906708},
}

@article{Wilde2019,
    author = {Wilde, Henry and Knight, Vincent and Gillard, Jonathan},
    title = {Evolutionary dataset optimisation: learning algorithm quality
             through evolution},
    journal = {Applied Intelligence},
    year = {2019},
    doi = {10.1007/s10489-019-01592-4},
}
